@misc{adversarial_erasing,
    title         = {Object Region Mining with Adversarial Erasing: A Simple Classification to Semantic Segmentation Approach},
    author        = {Yunchao Wei and Jiashi Feng and Xiaodan Liang and Ming-Ming Cheng and Yao Zhao and Shuicheng Yan},
    year          = {2018},
    eprint        = {1703.08448},
    archiveprefix = {arXiv},
    primaryclass  = {cs.CV},
    url           = {https://arxiv.org/abs/1703.08448},
}

@misc{cam,
    title         = {Learning Deep Features for Discriminative Localization},
    author        = {Bolei Zhou and Aditya Khosla and Agata Lapedriza and Aude Oliva and Antonio Torralba},
    year          = {2015},
    eprint        = {1512.04150},
    archiveprefix = {arXiv},
    primaryclass  = {cs.CV},
    url           = {https://arxiv.org/abs/1512.04150},
}

@article{cam_grad,
    title     = {Grad-CAM: Visual Explanations from Deep Networks via Gradient-Based Localization},
    volume    = {128},
    issn      = {1573-1405},
    url       = {http://dx.doi.org/10.1007/s11263-019-01228-7},
    doi       = {10.1007/s11263-019-01228-7},
    number    = {2},
    journal   = {International Journal of Computer Vision},
    publisher = {Springer Science and Business Media LLC},
    author    = {Selvaraju, Ramprasaath R. and Cogswell, Michael and Das, Abhishek and Vedantam, Ramakrishna and Parikh, Devi and Batra, Dhruv},
    year      = {2019},
    month     = oct,
    pages     = {336-359},
}

@misc{camtokens,
    title         = {TS-CAM: Token Semantic Coupled Attention Map for Weakly Supervised Object Localization},
    author        = {Wei Gao and Fang Wan and Xingjia Pan and Zhiliang Peng and Qi Tian and Zhenjun Han and Bolei Zhou and Qixiang Ye},
    year          = {2021},
    eprint        = {2103.14862},
    archiveprefix = {arXiv},
    primaryclass  = {cs.CV},
    url           = {https://arxiv.org/abs/2103.14862},
}

@misc{caron,
    title         = {Emerging Properties in Self-Supervised Vision Transformers},
    author        = {Mathilde Caron and Hugo Touvron and Ishan Misra and Hervé Jégou and Julien Mairal and Piotr Bojanowski and Armand Joulin},
    year          = {2021},
    eprint        = {2104.14294},
    archiveprefix = {arXiv},
    primaryclass  = {cs.CV},
    url           = {https://arxiv.org/abs/2104.14294},
}

@misc{dataset_ade20k,
    title         = {Semantic Understanding of Scenes through the ADE20K Dataset},
    author        = {Bolei Zhou and Hang Zhao and Xavier Puig and Tete Xiao and Sanja Fidler and Adela Barriuso and Antonio Torralba},
    year          = {2018},
    eprint        = {1608.05442},
    archiveprefix = {arXiv},
    primaryclass  = {cs.CV},
    url           = {https://arxiv.org/abs/1608.05442},
}

@misc{dataset_coco,
    title         = {Microsoft COCO: Common Objects in Context},
    author        = {Tsung-Yi Lin and Michael Maire and Serge Belongie and Lubomir Bourdev and Ross Girshick and James Hays and Pietro Perona and Deva Ramanan and C. Lawrence Zitnick and Piotr Dollár},
    year          = {2015},
    eprint        = {1405.0312},
    archiveprefix = {arXiv},
    primaryclass  = {cs.CV},
    url           = {https://arxiv.org/abs/1405.0312},
}

@inproceedings{dataset_imagenet,
    author  = {Deng, Jia and Dong, Wei and Socher, Richard and Li, Li-Jia and Li, Kai and Li, Fei-Fei},
    year    = {2009},
    month   = {06},
    pages   = {248-255},
    title   = {ImageNet: a Large-Scale Hierarchical Image Database},
    journal = {IEEE Conference on Computer Vision and Pattern Recognition},
    doi     = {10.1109/CVPR.2009.5206848},
}

@article{dataset_pascal_voc,
    author  = {Everingham, Mark and Van Gool, Luc and Williams, Christopher and Winn, John and Zisserman, Andrew},
    year    = {2010},
    month   = {06},
    pages   = {303-338},
    title   = {The Pascal Visual Object Classes (VOC) challenge},
    volume  = {88},
    journal = {International Journal of Computer Vision},
    doi     = {10.1007/s11263-009-0275-4},
}

@misc{dcnn,
    title         = {Weakly- and Semi-Supervised Learning of a DCNN for Semantic Image Segmentation},
    author        = {George Papandreou and Liang-Chieh Chen and Kevin Murphy and Alan L. Yuille},
    year          = {2015},
    eprint        = {1502.02734},
    archiveprefix = {arXiv},
    primaryclass  = {cs.CV},
    url           = {https://arxiv.org/abs/1502.02734},
}

@article{fsss_deeplabv1,
    title   = {Semantic image segmentation with deep convolutional nets and fully connected crfs},
    author  = {Chen, Liang-Chieh and Papandreou, George and Kokkinos, Iasonas and Murphy, Kevin and Yuille, Alan L},
    journal = {arXiv preprint arXiv:1412.7062},
    year    = {2014},
}

@article{fsss_deeplabv2,
    title     = {Deeplab: Semantic image segmentation with deep convolutional nets, atrous convolution, and fully connected crfs},
    author    = {Chen, Liang-Chieh and Papandreou, George and Kokkinos, Iasonas and Murphy, Kevin and Yuille, Alan L},
    journal   = {IEEE Transactions on Pattern Analysis and Machine Intelligence},
    volume    = {40},
    number    = {4},
    pages     = {834--848},
    year      = {2017},
    publisher = {IEEE},
}

@article{fsss_deeplabv3,
    title   = {Rethinking Atrous Convolution for Semantic Image Segmentation},
    author  = {Chen, Liang-Chieh and Papandreou, George and Schroff, Florian and Adam, Hartwig},
    journal = {arXiv preprint arXiv:1706.05587},
    year    = {2017},
}


@inproceedings{fsss_deeplabv3plus,
    title     = {Encoder-decoder with atrous separable convolution for semantic image segmentation},
    author    = {Chen, Liang-Chieh and Zhu, Yukun and Papandreou, George and Schroff, Florian and Adam, Hartwig},
    booktitle = {Proceedings of the European conference on computer vision (ECCV)},
    pages     = {801--818},
    year      = {2018},
}

@inproceedings{fsss_fcn,
    title     = {Fully convolutional networks for semantic segmentation},
    author    = {Long, Jonathan and Shelhamer, Evan and Darrell, Trevor},
    booktitle = {Proceedings of the IEEE conference on computer vision and pattern recognition},
    pages     = {3431--3440},
    year      = {2015},
}

@misc{fsss_pixel_adaptive,
    title         = {Pixel-Adaptive Convolutional Neural Networks},
    author        = {Hang Su and Varun Jampani and Deqing Sun and Orazio Gallo and Erik Learned-Miller and Jan Kautz},
    year          = {2019},
    eprint        = {1904.05373},
    archiveprefix = {arXiv},
    primaryclass  = {cs.CV},
    url           = {https://arxiv.org/abs/1904.05373},
}

@inproceedings{fsss_pspnet,
    author    = {Zhao, Hengshuang and Shi, Jianping and Qi, Xiaojuan and Wang, Xiaogang and Jia, Jiaya},
    title     = {Pyramid Scene Parsing Network},
    booktitle = {Proceedings of the IEEE Conference on Computer Vision and Pattern Recognition (CVPR)},
    month     = {7},
    year      = {2017},
}

@article{fsss_segformer,
    title   = {SegFormer: Simple and efficient design for semantic segmentation with transformers},
    author  = {Xie, Enze and Wang, Wenhai and Yu, Zhiding and Anandkumar, Anima and Alvarez, Jose M and Luo, Ping},
    journal = {Advances in neural information processing systems},
    volume  = {34},
    pages   = {12077--12090},
    year    = {2021},
}

@misc{fsss_segmenter,
    title         = {Segmenter: Transformer for Semantic Segmentation},
    author        = {Robin Strudel and Ricardo Garcia and Ivan Laptev and Cordelia Schmid},
    year          = {2021},
    eprint        = {2105.05633},
    archiveprefix = {arXiv},
    primaryclass  = {cs.CV},
    url           = {https://arxiv.org/abs/2105.05633},
}

@article{fsss_segnet,
    title     = {Segnet: A deep convolutional encoder-decoder architecture for image segmentation},
    author    = {Badrinarayanan, Vijay and Kendall, Alex and Cipolla, Roberto},
    journal   = {IEEE Transactions on Pattern Analysis and Machine Intelligence},
    volume    = {39},
    number    = {12},
    pages     = {2481--2495},
    year      = {2017},
    publisher = {IEEE},
}


@misc{fsss_setr,
    title         = {Rethinking Semantic Segmentation from a Sequence-to-Sequence Perspective with Transformers},
    author        = {Sixiao Zheng and Jiachen Lu and Hengshuang Zhao and Xiatian Zhu and Zekun Luo and Yabiao Wang and Yanwei Fu and Jianfeng Feng and Tao Xiang and Philip H. S. Torr and Li Zhang},
    year          = {2021},
    eprint        = {2012.15840},
    archiveprefix = {arXiv},
    primaryclass  = {cs.CV},
    url           = {https://arxiv.org/abs/2012.15840},
}

@inproceedings{fsss_unet,
    title        = {U-net: Convolutional networks for biomedical image segmentation},
    author       = {Ronneberger, Olaf and Fischer, Philipp and Brox, Thomas},
    booktitle    = {Medical image computing and computer-assisted intervention--MICCAI 2015: 18th international conference, Munich, Germany, October 5-9, 2015, proceedings, part III 18},
    pages        = {234--241},
    year         = {2015},
    organization = {Springer},
}

@misc{getam,
    title         = {GETAM: Gradient-weighted Element-wise Transformer Attention Map for Weakly-supervised Semantic segmentation},
    author        = {Weixuan Sun and Jing Zhang and Zheyuan Liu and Yiran Zhong and Nick Barnes},
    year          = {2022},
    eprint        = {2112.02841},
    archiveprefix = {arXiv},
    primaryclass  = {cs.CV},
    url           = {https://arxiv.org/abs/2112.02841},
}
@misc{imagelevelpixel,
    title         = {From Image-level to Pixel-level Labeling with Convolutional Networks},
    author        = {Pedro O. Pinheiro and Ronan Collobert},
    year          = {2015},
    eprint        = {1411.6228},
    archiveprefix = {arXiv},
    primaryclass  = {cs.CV},
    url           = {https://arxiv.org/abs/1411.6228},
}


@misc{instance_wsss,
    title         = {Weakly Supervised Learning of Instance Segmentation with Inter-pixel Relations},
    author        = {Jiwoon Ahn and Sunghyun Cho and Suha Kwak},
    year          = {2019},
    eprint        = {1904.05044},
    archiveprefix = {arXiv},
    primaryclass  = {cs.CV},
    url           = {https://arxiv.org/abs/1904.05044},
}

@misc{kolesnikov2016,
    title         = {Seed, Expand and Constrain: Three Principles for Weakly-Supervised Image Segmentation},
    author        = {Alexander Kolesnikov and Christoph H. Lampert},
    year          = {2016},
    eprint        = {1603.06098},
    archiveprefix = {arXiv},
    primaryclass  = {cs.CV},
    url           = {https://arxiv.org/abs/1603.06098},
}

@misc{krähenbühl,
    title         = {Efficient Inference in Fully Connected CRFs with Gaussian Edge Potentials},
    author        = {Philipp Krähenbühl and Vladlen Koltun},
    year          = {2012},
    eprint        = {1210.5644},
    archiveprefix = {arXiv},
    primaryclass  = {cs.CV},
    url           = {https://arxiv.org/abs/1210.5644},
}


@article{math_sinkhorn,
    title   = {A Relationship between Arbitrary Positive Matrices and Stochastic Matrices},
    author  = {Richard Sinkhorn},
    journal = {Canadian Journal of Mathematics},
    year    = {1966},
    volume  = {18},
    pages   = {303 - 306},
    url     = {https://api.semanticscholar.org/CorpusID:123663969},
}


@misc{pixel_to_prototype,
    title         = {Weakly Supervised Semantic Segmentation by Pixel-to-Prototype Contrast},
    author        = {Ye Du and Zehua Fu and Qingjie Liu and Yunhong Wang},
    year          = {2022},
    eprint        = {2110.07110},
    archiveprefix = {arXiv},
    primaryclass  = {cs.CV},
    url           = {https://arxiv.org/abs/2110.07110},
}

@misc{RevisitingResNET,
    title         = {Wider or Deeper: Revisiting the ResNet Model for Visual Recognition},
    author        = {Zifeng Wu and Chunhua Shen and Anton van den Hengel},
    year          = {2016},
    eprint        = {1611.10080},
    archiveprefix = {arXiv},
    primaryclass  = {cs.CV},
    url           = {https://arxiv.org/abs/1611.10080},
}

@article{srg,
    author   = {Adams, R. and Bischof, L.},
    journal  = {IEEE Transactions on Pattern Analysis and Machine Intelligence},
    title    = {Seeded region growing},
    year     = {1994},
    volume   = {16},
    number   = {6},
    pages    = {641-647},
    keywords = {Image segmentation;Surface fitting;Surface morphology;Surface topography;Pixel;Filters;Mathematics;Statistics;Australia;Robustness},
    doi      = {10.1109/34.295913},
}

@misc{transformer_swin,
    title         = {Swin Transformer: Hierarchical Vision Transformer using Shifted Windows},
    author        = {Ze Liu and Yutong Lin and Yue Cao and Han Hu and Yixuan Wei and Zheng Zhang and Stephen Lin and Baining Guo},
    year          = {2021},
    eprint        = {2103.14030},
    archiveprefix = {arXiv},
    primaryclass  = {cs.CV},
    url           = {https://arxiv.org/abs/2103.14030},
}

@misc{transformer_vit,
    title         = {An Image is Worth 16x16 Words: Transformers for Image Recognition at Scale},
    author        = {Alexey Dosovitskiy and Lucas Beyer and Alexander Kolesnikov and Dirk Weissenborn and Xiaohua Zhai and Thomas Unterthiner and Mostafa Dehghani and Matthias Minderer and Georg Heigold and Sylvain Gelly and Jakob Uszkoreit and Neil Houlsby},
    year          = {2021},
    eprint        = {2010.11929},
    archiveprefix = {arXiv},
    primaryclass  = {cs.CV},
    url           = {https://arxiv.org/abs/2010.11929},
}

@misc{transformer_vit_how_they_work,
    title         = {How Do Vision Transformers Work?},
    author        = {Namuk Park and Songkuk Kim},
    year          = {2022},
    eprint        = {2202.06709},
    archiveprefix = {arXiv},
    primaryclass  = {cs.CV},
    url           = {https://arxiv.org/abs/2202.06709},
}

@misc{transformer_vit_oversmoothing,
    title         = {Anti-Oversmoothing in Deep Vision Transformers via the Fourier Domain Analysis: From Theory to Practice},
    author        = {Peihao Wang and Wenqing Zheng and Tianlong Chen and Zhangyang Wang},
    year          = {2022},
    eprint        = {2203.05962},
    archiveprefix = {arXiv},
    primaryclass  = {cs.CV},
    url           = {https://arxiv.org/abs/2203.05962},
}

@misc{VGG16,
    title         = {Seed, Expand and Constrain: Three Principles for Weakly-Supervised Image Segmentation},
    author        = {Alexander Kolesnikov and Christoph H. Lampert},
    year          = {2016},
    eprint        = {1603.06098},
    archiveprefix = {arXiv},
    primaryclass  = {cs.CV},
    url           = {https://arxiv.org/abs/1603.06098},
}

@misc{vl_clip,
    title         = {Learning Transferable Visual Models From Natural Language Supervision},
    author        = {Alec Radford and Jong Wook Kim and Chris Hallacy and Aditya Ramesh and Gabriel Goh and Sandhini Agarwal and Girish Sastry and Amanda Askell and Pamela Mishkin and Jack Clark and Gretchen Krueger and Ilya Sutskever},
    year          = {2021},
    eprint        = {2103.00020},
    archiveprefix = {arXiv},
    primaryclass  = {cs.CV},
    url           = {https://arxiv.org/abs/2103.00020},
}

@misc{vl_unicl,
    title         = {Unified Contrastive Learning in Image-Text-Label Space},
    author        = {Jianwei Yang and Chunyuan Li and Pengchuan Zhang and Bin Xiao and Ce Liu and Lu Yuan and Jianfeng Gao},
    year          = {2022},
    eprint        = {2204.03610},
    archiveprefix = {arXiv},
    primaryclass  = {cs.CV},
}

@misc{wsss_aaar,
    title         = {Adaptive Affinity Loss and Erroneous Pseudo-Label Refinement for Weakly Supervised Semantic Segmentation},
    author        = {Xiangrong Zhang and Zelin Peng and Peng Zhu and Tianyang Zhang and Chen Li and Huiyu Zhou and Licheng Jiao},
    year          = {2021},
    eprint        = {2108.01344},
    archiveprefix = {arXiv},
    primaryclass  = {cs.CV},
    url           = {https://arxiv.org/abs/2108.01344},
}

@inproceedings{wsss_acr,
    title     = {Weakly supervised semantic segmentation with generative attention spread and region refinement},
    author    = {Sun, Guolei and Wang, Wenguan and Dai, Jifeng and Van Gool, Luc},
    booktitle = {Proceedings of the IEEE/CVF conference on computer vision and pattern recognition},
    pages     = {5495--5504},
    year      = {2020},
    pages     = {11329--11339},
    year      = {2023},
}

@inproceedings{wsss_aetf,
    title        = {Adversarial erasing framework via triplet with gated pyramid pooling layer for weakly supervised semantic segmentation},
    author       = {Yoon, Sung-Hoon and Kweon, Hyeokjun and Cho, Jegyeong and Kim, Shinjeong and Yoon, Kuk-Jin},
    booktitle    = {European conference on computer vision},
    pages        = {326--344},
    year         = {2022},
    organization = {Springer},
}

@misc{wsss_afa_affinity_from_attention,
    title         = {Learning Affinity from Attention: End-to-End Weakly-Supervised Semantic Segmentation with Transformers},
    author        = {Lixiang Ru and Yibing Zhan and Baosheng Yu and Bo Du},
    year          = {2022},
    eprint        = {2203.02664},
    archiveprefix = {arXiv},
    primaryclass  = {cs.CV},
    url           = {https://arxiv.org/abs/2203.02664},
}

@misc{wsss_affinitynet,
    title         = {Learning Pixel-level Semantic Affinity with Image-level Supervision for Weakly Supervised Semantic Segmentation},
    author        = {Jiwoon Ahn and Suha Kwak},
    year          = {2018},
    eprint        = {1803.10464},
    archiveprefix = {arXiv},
    primaryclass  = {cs.CV},
    url           = {https://arxiv.org/abs/1803.10464},
}

@inproceedings{wsss_beco,
    title     = {Boundary-enhanced co-training for weakly supervised semantic segmentation},
    author    = {Rong, Shenghai and Tu, Bohai and Wang, Zilei and Li, Junjie},
    booktitle = {Proceedings of the IEEE/CVF Conference on Computer Vision and Pattern Recognition},
    pages     = {19574--19584},
    year      = {2023},
}

@inproceedings{wsss_cdl,
    title     = {Complementary patch for weakly supervised semantic segmentation},
    author    = {Zhang, Fei and Gu, Chaochen and Zhang, Chenyue and Dai, Yuchao},
    booktitle = {Proceedings of the IEEE/CVF international conference on computer vision},
    pages     = {7242--7251},
    year      = {2021},
}

@inproceedings{wsss_clims,
    title     = {Clims: Cross language image matching for weakly supervised semantic segmentation},
    author    = {Xie, Jinheng and Hou, Xianxu and Ye, Kai and Shen, Linlin},
    booktitle = {Proceedings of the IEEE/CVF conference on computer vision and pattern recognition},
    pages     = {4483--4492},
    year      = {2022},
}

@misc{wsss_clip_es,
    title         = {CLIP is Also an Efficient Segmenter: A Text-Driven Approach for Weakly Supervised Semantic Segmentation},
    author        = {Yuqi Lin and Minghao Chen and Wenxiao Wang and Boxi Wu and Ke Li and Binbin Lin and Haifeng Liu and Xiaofei He},
    year          = {2023},
    eprint        = {2212.09506},
    archiveprefix = {arXiv},
    primaryclass  = {cs.CV},
    url           = {https://arxiv.org/abs/2212.09506},
}
@misc{wsss_dcnn,
    title         = {Weakly- and Semi-Supervised Learning of a DCNN for Semantic Image Segmentation},
    author        = {George Papandreou and Liang-Chieh Chen and Kevin Murphy and Alan L. Yuille},
    year          = {2015},
    eprint        = {1502.02734},
    archiveprefix = {arXiv},
    primaryclass  = {cs.CV},
    url           = {https://arxiv.org/abs/1502.02734},
}
@inproceedings{wsss_dsrg_deep_seeded_region_growing,
    author    = {Huang, Zilong and Wang, Xinggang and Wang, Jiasi and Liu, Wenyu and Wang, Jingdong},
    booktitle = {2018 IEEE/CVF Conference on Computer Vision and Pattern Recognition},
    title     = {Weakly-Supervised Semantic Segmentation Network with Deep Seeded Region Growing},
    year      = {2018},
    volume    = {},
    number    = {},
    pages     = {7014-7023},
    keywords  = {Image segmentation;Semantics;Training;Computer vision;Visualization;Task analysis;Image color analysis},
    doi       = {10.1109/CVPR.2018.00733},
}
@article{wsss_esol,
    title   = {Expansion and shrinkage of localization for weakly-supervised semantic segmentation},
    author  = {Li, Jinlong and Jie, Zequn and Wang, Xu and Wei, Xiaolin and Ma, Lin},
    journal = {Advances in neural information processing systems},
    volume  = {35},
    pages   = {16037--16051},
    year    = {2022},
}

@inproceedings{wsss_fpr,
    title     = {Fpr: False positive rectification for weakly supervised semantic segmentation},
    author    = {Chen, Liyi and Lei, Chenyang and Li, Ruihuang and Li, Shuai and Zhang, Zhaoxiang and Zhang, Lei},
    booktitle = {Proceedings of the IEEE/CVF International Conference on Computer Vision},
    pages     = {1108--1118},
    year      = {2023},
}

@misc{wsss_frozen_clip,
    title         = {Frozen CLIP: A Strong Backbone for Weakly Supervised Semantic Segmentation},
    author        = {Bingfeng Zhang and Siyue Yu and Yunchao Wei and Yao Zhao and Jimin Xiao},
    year          = {2024},
    eprint        = {2406.11189},
    archiveprefix = {arXiv},
    primaryclass  = {cs.CV},
    url           = {https://arxiv.org/abs/2406.11189},
}
@inproceedings{wsss_L2G,
    title     = {L2G: A Simple Local-to-Global Knowledge Transfer Framework for Weakly Supervised Semantic Segmentation},
    author    = {Jiang, Peng-Tao and Yang, Yuqi and Hou, Qibin and Wei, Yunchao},
    booktitle = {Proceedings of the IEEE/CVF conference on computer vision and pattern recognition},
    year      = {2022},
}
@inproceedings{wsss_MatLabel,
    author    = {Wang, Changwei and Xu, Rongtao and Xu, Shibiao and Meng, Weiliang and Zhang, Xiaopeng},
    booktitle = {2023 IEEE/CVF International Conference on Computer Vision (ICCV)},
    title     = {Treating Pseudo-labels Generation as Image Matting for Weakly Supervised Semantic Segmentation},
    year      = {2023},
    volume    = {},
    number    = {},
    pages     = {755-765},
    keywords  = {Measurement;Computer vision;Semantic segmentation;Image edge detection;Pipelines;Performance gain;Task analysis},
    doi       = {10.1109/ICCV51070.2023.00076},
}

@inproceedings{wsss_MCTformer,
    title     = {Multi-class token transformer for weakly supervised semantic segmentation},
    author    = {Xu, Lian and Ouyang, Wanli and Bennamoun, Mohammed and Boussaid, Farid and Xu, Dan},
    booktitle = {Proceedings of the IEEE/CVF conference on computer vision and pattern recognition},
    pages     = {4310--4319},
    year      = {2022},
}
@misc{wsss_motion_cues,
    title         = {Weakly-Supervised Semantic Segmentation using Motion Cues},
    author        = {Pavel Tokmakov and Karteek Alahari and Cordelia Schmid},
    year          = {2017},
    eprint        = {1603.07188},
    archiveprefix = {arXiv},
    primaryclass  = {cs.CV},
    url           = {https://arxiv.org/abs/1603.07188},
}

@inproceedings{wsss_ood,
    title     = {Weakly supervised semantic segmentation using out-of-distribution data},
    author    = {Lee, Jungbeom and Oh, Seong Joon and Yun, Sangdoo and Choe, Junsuk and Kim, Eunji and Yoon, Sungroh},
    booktitle = {Proceedings of the IEEE/CVF conference on computer vision and pattern recognition},
    pages     = {16897--16906},
    year      = {2022},
}

@misc{wsss_pixel_adaptive,
    title         = {Pixel-Adaptive Convolutional Neural Networks},
    author        = {Hang Su and Varun Jampani and Deqing Sun and Orazio Gallo and Erik Learned-Miller and Jan Kautz},
    year          = {2019},
    eprint        = {1904.05373},
    archiveprefix = {arXiv},
    primaryclass  = {cs.CV},
    url           = {https://arxiv.org/abs/1904.05373},
}
@inproceedings{wsss_RCA,
    title     = {Regional semantic contrast and aggregation for weakly supervised semantic segmentation},
    author    = {Zhou, Tianfei and Zhang, Meijie and Zhao, Fang and Li, Jianwu},
    booktitle = {Proceedings of the IEEE/CVF conference on computer vision and pattern recognition},
    pages     = {4299--4309},
    year      = {2022},
}

@misc{wsss_reliability_does_matter,
    title         = {Reliability Does Matter: An End-to-End Weakly Supervised Semantic Segmentation Approach},
    author        = {Bingfeng Zhang and Jimin Xiao and Yunchao Wei and Mingjie Sun and Kaizhu Huang},
    year          = {2019},
    eprint        = {1911.08039},
    archiveprefix = {arXiv},
    primaryclass  = {cs.CV},
    url           = {https://arxiv.org/abs/1911.08039},
}

@article{wsss_rib,
    title   = {Reducing information bottleneck for weakly supervised semantic segmentation},
    author  = {Lee, Jungbeom and Choi, Jooyoung and Mok, Jisoo and Yoon, Sungroh},
    journal = {Advances in neural information processing systems},
    volume  = {34},
    pages   = {27408--27421},
    year    = {2021},
}
@inproceedings{wsss_s_bce,
    title        = {Adaptive spatial-bce loss for weakly supervised semantic segmentation},
    author       = {Wu, Tong and Gao, Guangyu and Huang, Junshi and Wei, Xiaolin and Wei, Xiaoming and Liu, Chi Harold},
    booktitle    = {European Conference on Computer Vision},
    pages        = {199--216},
    year         = {2022},
    organization = {Springer},
}

@misc{wsss_single_stage,
    title         = {Single-Stage Semantic Segmentation from Image Labels},
    author        = {Nikita Araslanov and Stefan Roth},
    year          = {2020},
    eprint        = {2005.08104},
    archiveprefix = {arXiv},
    primaryclass  = {cs.CV},
    url           = {https://arxiv.org/abs/2005.08104},
}

@misc{wsss_toco_token_contrast,
    title         = {Token Contrast for Weakly-Supervised Semantic Segmentation},
    author        = {Lixiang Ru and Heliang Zheng and Yibing Zhan and Bo Du},
    year          = {2023},
    eprint        = {2303.01267},
    archiveprefix = {arXiv},
    primaryclass  = {cs.CV},
    url           = {https://arxiv.org/abs/2303.01267},
}
@inproceedings{wsss_usage,
    title     = {Usage: A unified seed area generation paradigm for weakly supervised semantic segmentation},
    author    = {Peng, Zelin and Wang, Guanchun and Xie, Lingxi and Jiang, Dongsheng and Shen, Wei and Tian, Qi},
    booktitle = {Proceedings of the IEEE/CVF International Conference on Computer Vision},
    pages     = {624--634},
    year      = {2023},
}




@article{wsss_vml,
    title   = {Weakly-supervised semantic segmentation with visual words learning and hybrid pooling},
    author  = {Ru, Lixiang and Du, Bo and Zhan, Yibing and Wu, Chen},
    journal = {arXiv preprint arXiv:2202.04812},
    year    = {2022},
}